@misc{allen_brain_observatory,
  author       = {{Allen Institute for Brain Science}},
  title        = {{Allen Brain Observatory â€“ Visual Coding}},
  year         = {2016},
  howpublished = {\url{https://observatory.brain-map.org/visualcoding}},
  note         = {Accessed: 2025-05-16}
}

@article{ringach2002orientation,
  title        = {Orientation selectivity in macaque V1: Diversity and laminar dependence},
  author       = {Ringach, Dario L. and Shapley, Robert and Hawken, Michael J.},
  journal      = {Journal of Neuroscience},
  volume       = {22},
  number       = {13},
  pages        = {5639--5651},
  year         = {2002},
  publisher    = {Society for Neuroscience},
  doi          = {10.1523/JNEUROSCI.22-13-05639.2002}
}

@article{niell2008highly,
  title        = {Highly selective receptive fields in mouse visual cortex},
  author       = {Niell, Cristopher M. and Stryker, Michael P.},
  journal      = {Journal of Neuroscience},
  volume       = {28},
  number       = {30},
  pages        = {7520--7536},
  year         = {2008},
  doi          = {10.1523/JNEUROSCI.0623-08.2008},
  publisher    = {Society for Neuroscience}
}

@article{wang2007area,
  title        = {Area map of mouse visual cortex},
  author       = {Wang, Quanxin and Burkhalter, Andreas},
  journal      = {Journal of Comparative Neurology},
  volume       = {502},
  number       = {3},
  pages        = {339--357},
  year         = {2007},
  doi          = {10.1002/cne.21286},
  publisher    = {Wiley}
}